@article{DOI10.11307mededjapan.44.133,
  title={医学教育における効果的な教授法と意味のある学習方法(1)},
  author={西城, 卓也 and 菊川, 誠},
  journal={医学教育},
  volume={44},
  number={3},
  pages={133-141},
  year={2013},
  doi={10.11307/mededjapan.44.133},
}



@booksection{ISBN9784784941919p119122,
  title={医学教育イントロダクション医療系学生を支えるすべての指導者へ},
  author={駒澤, 伸泰},
  pages={p119-122},
  year={Mon Jan 17 2022 00:00:00 GMT+0900 (Japan Standard Time)},
}



@article{DOI10.11307mededjapan.43.290,
  title={行動主義から構成主義},
  author={西城, 卓也},
  journal={医学教育},
  volume={43},
  number={4},
  pages={290-291},
  year={2012},
  doi={10.11307/mededjapan.43.290},
}



@booksection{ISBN9780998599908p33,
  title={The Experiential Educator},
  author={Alice Y. Kolb},
  pages={p33},
  year={Mon Apr 17 2017 00:00:00 GMT+0900 (Japan Standard Time)},
}



@article{DOI10.15077jjet.KJ00004286879,
  title={e-Learning実践のためのインストラクショナル・デザイン(&lt;特集&gt;実践段階のeラーニング)},
  author={鈴木, 克明},
  journal={日本教育工学会論文誌},
  volume={29},
  number={3},
  pages={197-205},
  year={2006},
  doi={10.15077/jjet.KJ00004286879},
}



@article{DOI10.1007BF02505024,
  title={First principles of instruction},
  author={M. David Merrill},
  journal={Educational Technology Research and Development},
  volume={50},
  number={3},
  pages={43--59},
  year={2002},
  doi={10.1007/bf02505024},
  url={https://doi.org/10.1007%2Fbf02505024},
  month={sep},
  publisher={Springer Science and Business Media {LLC}},
}



@article{DOI10.1111j.13652923.1984.tb01024.x.,
  title={Educational strategies in curriculum development: the {SPICES} model},
  author={R. M. HARDEN and SUSETTE SOWDEN and W. R. DUNN},
  journal={Medical Education},
  volume={18},
  number={4},
  pages={284--297},
  year={1984},
  doi={10.1111/j.1365-2923.1984.tb01024.x},
  url={https://doi.org/10.1111%2Fj.1365-2923.1984.tb01024.x},
  month={jul},
  publisher={Wiley},
}



@article{DOI10.11307mededjapan.45.1_25,
  title={医学教育におけるカリキュラム開発},
  author={田川, まさみ and 西城, 卓也 and 錦織, 宏},
  journal={医学教育},
  volume={45},
  number={1},
  pages={25-35},
  year={2014},
  doi={10.11307/mededjapan.45.1_25},
}



@article{DOI10.1002lrh2.10024,
  title={Learning in the health care enterprise},
  author={William B. Rouse and Michael M.E. Johns and Kara M. Pepe},
  journal={Learning Health Systems},
  volume={1},
  number={4},
  pages={e10024},
  year={2017},
  doi={10.1002/lrh2.10024},
  url={https://doi.org/10.1002%2Flrh2.10024},
  month={mar},
  publisher={Wiley},
}



@article{DOI10.1186s12909021028881,
  title={Online versus classroom teaching for medical students during {COVID}-19: measuring effectiveness and satisfaction},
  author={Abdullh AlQhtani and Nasser AlSwedan and Abdullelah Almulhim and Raghad Aladwan and Yara Alessa and Kholoud AlQhtani and Malak Albogami and Khalid Altwairqi and Fahad Alotaibi and Abdulmajeed AlHadlaq and Osama Aldhafian},
  journal={{BMC} Medical Education},
  volume={21},
  number={1},
  year={2021},
  doi={10.1186/s12909-021-02888-1},
  url={https://doi.org/10.1186%2Fs12909-021-02888-1},
  month={aug},
  publisher={Springer Science and Business Media {LLC}},
}



@article{doi.org10.219634860,
  title={Virtual Reality in Medical Students' Education: Scoping Review},
  author={Haowen Jiang and Sunitha Vimalesvaran and Jeremy King Wang and Kee Boon Lim and Sreenivasulu Reddy Mogali and Lorainne Tudor Car},
  journal={{JMIR} Medical Education},
  volume={8},
  number={1},
  pages={e34860},
  year={2022},
  doi={10.2196/34860},
  url={https://doi.org/10.2196%2F34860},
  month={feb},
  publisher={{JMIR} Publications Inc.},
}



@article{DOI10.10800142159x.2021.1992373,
  title={Online learning developments in undergraduate medical education in response to the {COVID}-19 pandemic: A {BEME} systematic review: {BEME} Guide No. 69},
  author={Jennifer Stojan and Mary Haas and Satid Thammasitboon and Lina L and er and Sean Evans and Cameron Pawlik and Teresa Pawilkowska and Madelyn Lew and Deena Khamees and William Peterson and Ahmad Hider and Ciaran Grafton-Clarke and Hussein Uraiby and Morris Gordon and Michelle Daniel},
  journal={Medical Teacher},
  volume={44},
  number={2},
  pages={109--129},
  year={2021},
  doi={10.1080/0142159x.2021.1992373},
  url={https://doi.org/10.1080%2F0142159x.2021.1992373},
  month={oct},
  publisher={Informa {UK} Limited},
}



@article{DOI10.108001421590802108331,
  title={{AMEE} Guide 32: e-Learning in medical education Part 1: Learning, teaching and assessment},
  author={Rachel Ellaway and Ken Masters},
  journal={Medical Teacher},
  volume={30},
  number={5},
  pages={455--473},
  year={2008},
  doi={10.1080/01421590802108331},
  url={https://doi.org/10.1080%2F01421590802108331},
  month={jan},
  publisher={Informa {UK} Limited},
}



@article{PMID20697551,
  title={Resources for medical education: finding the right prescription.},
  author={Humphrey, Holly J},
  journal={Transactions of the American Clinical and Climatological Association},
  volume={121},
  pages={76-90; discussion 90-3},
  year={2010},
  pmid={20697551},
  issn={0065-7778},
}



@article{DOI10.1056NEJM198310133091511,
  title={Teaching Clinical Medicine by Iterative Hypothesis Testing},
  author={Jerome P. Kassirer},
  journal={New England Journal of Medicine},
  volume={309},
  number={15},
  pages={921--923},
  year={1983},
  doi={10.1056/nejm198310133091511},
  url={https://doi.org/10.1056%2Fnejm198310133091511},
  month={oct},
  publisher={Massachusetts Medical Society},
}



@article{DOI10.1111j.19378327.1993.tb00605.x,
  title={Behaviorism, Cognitivism, Constructivism: Comparing Critical Features from an Instructional Design Perspective},
  author={Peggy A. Ertmer and Timothy J. Newby},
  journal={Performance Improvement Quarterly},
  volume={6},
  number={4},
  pages={50--72},
  year={2008},
  doi={10.1111/j.1937-8327.1993.tb00605.x},
  url={https://doi.org/10.1111%2Fj.1937-8327.1993.tb00605.x},
  month={oct},
  publisher={Wiley},
}



@article{DOI10.31020013189X018001032,
  title={Situated Cognition and the Culture of Learning},
  author={John Seely Brown and Allan Collins and Paul Duguid},
  journal={Educational Researcher},
  volume={18},
  number={1},
  pages={32--42},
  year={1989},
  doi={10.3102/0013189x018001032},
  url={https://doi.org/10.3102%2F0013189x018001032},
  month={jan},
  publisher={American Educational Research Association ({AERA})},
}



@article{DOI10.1007BF03341674,
  title={Off to the Right Start: A Model for Developing Collaboration with Nurses Early in Medical School},
  author={Lee Rosen and Jennifer N. Mahon and Suzanne Murdock and Colleen Moran and Krista Buckley},
  journal={Medical Science Educator},
  volume={23},
  number={S3},
  pages={513--523},
  year={2013},
  doi={10.1007/bf03341674},
  url={https://doi.org/10.1007%2Fbf03341674},
  month={oct},
  publisher={Springer Science and Business Media {LLC}},
}



@article{DOI10.11307mededjapan.51.5_596,
  title={9. 有意事象分析Significant Event Analysis　9.1　非行misconductが認められた学習者の再教育remediationツールとしてのSEA},
  author={野村, 英樹},
  journal={医学教育},
  volume={51},
  number={5},
  pages={596-599},
  year={2020},
  doi={10.11307/mededjapan.51.5_596},
}



@article{DOI10.11307mededjapan.51.5_600,
  title={9.2　勤医協中央病院初期研修プログラムにおけるSEA (Significant Event Analysis) の実践},
  author={臺野, 巧},
  journal={医学教育},
  volume={51},
  number={5},
  pages={600-602},
  year={2020},
  doi={10.11307/mededjapan.51.5_600},
}



@article{DOI10.11307mededjapan1970.39.153,
  title={地域医療必修実習における“Significant Event Analysis (SEA) を用いた振り返り”の検討},
  author={宮田, 靖志 and 八木田, 一雄 and 森崎, 龍郎 and 山本, 和利},
  journal={医学教育},
  volume={39},
  number={3},
  pages={153-159},
  year={2008},
  doi={10.11307/mededjapan1970.39.153},
}



@article{doi.10.1046j.13652923.1998.00245.x,
  title={Portfolio learning in general practice vocational training {\textendash} does it work?},
  author={David Snadden and Mary L Thomas},
  journal={Medical Education},
  volume={32},
  number={4},
  pages={401--406},
  year={1998},
  doi={10.1046/j.1365-2923.1998.00245.x},
  url={https://doi.org/10.1046%2Fj.1365-2923.1998.00245.x},
  month={jul},
  publisher={Wiley},
}



@article{DOI10.10970000188819900900000045,
  title={The assessment of clinical skills/competence/performance},
  author={G E Miller},
  journal={Academic Medicine},
  volume={65},
  number={9},
  pages={S63--7},
  year={1990},
  doi={10.1097/00001888-199009000-00045},
  url={https://doi.org/10.1097%2F00001888-199009000-00045},
  month={sep},
  publisher={Ovid Technologies (Wolters Kluwer Health)},
}



@article{PMID22364452,
  title={A model for programmatic assessment fit for purpose.},
  author={van der Vleuten, C P M and Schuwirth, L W T and Driessen, E W and Dijkstra, J and Tigelaar, D and Baartman, L K J and van Tartwijk, J},
  journal={Medical teacher},
  volume={34},
  number={3},
  pages={205-14},
  year={2012},
  doi={10.3109/0142159X.2012.652239},
  pmid={22364452},
  issn={1466-187X},
}



@misc{CATO2022web,
  title={公益社団法人 医療系大学間共用試験実施評価機構},
  author={公益社団法人 医療系大学間共用試験実施評価機構},
  year={2022},
  url={http://www.cato.umin.jp/},
}



@misc{nationalexamH30web,
  title={平成３０年版医師国家試験出題基準について},
  year={2022},
  url={https://www.mhlw.go.jp/stf/shingi2/0000128981.html},
  author={},
}



@article{doi.org10.11307mededjapan.41.103,
  title={Breaking bad news教育の有用性とOSCEにおける評価の試み},
  author={岩崎 直子 and 長原 光 and 寺村 正尚 and 小島原 典子 and 川名 正敏 and 肥塚 直美 and 吉岡 俊正 and 大澤 真木子 and 白鳥 敬子},
  journal={医学教育},
  volume={41},
  number={2},
  pages={103-109},
  year={2010},
  doi={10.11307/mededjapan.41.103},
}



@article{doi.org10.11331jjbm.25.152,
  title={北里大学医学部における行動科学・行動医学教育の実践},
  author={井上 彰臣 and 堤 明純 and 守屋 利佳 and 千葉 宏毅 and 島津 明人 and 市倉 加奈子},
  journal={行動医学研究},
  volume={25},
  number={2},
  pages={152-158},
  year={2020},
  doi={10.11331/jjbm.25.152},
}



@book{ISBN9784758123716,
  title={患者中心の医療の方法　原著第3版},
  author={葛西, 龍樹 and 若手医師によるグローバルにプライマリ・ケアを考えるための翻訳研究会 and Moira Stewart and Judith Belle Brown and W Wayne Weston and Ian R McWhinney and Carol L McWilliam and Thomas R Freeman},
  year={2021},
  month={3},
  publisher={羊土社},
  day={25},
}



@article{DOI10.15064jjpm.59.5_437,
  title={総合診療と心療内科の協働},
  author={森屋, 淳子},
  journal={心身医学},
  volume={59},
  number={5},
  pages={437-442},
  year={2019},
  doi={10.15064/jjpm.59.5_437},
}



@article{PMID19584762,
  title={Physician communication and patient adherence to treatment: a meta-analysis.},
  author={Zolnierek, Kelly B Haskard and Dimatteo, M Robin},
  journal={Medical care},
  volume={47},
  number={8},
  pages={826-34},
  year={2009},
  doi={10.1097/MLR.0b013e31819a5acc},
  month={Aug},
  pmid={19584762},
  issn={1537-1948},
}



@article{doi.org10.15064jjpm.59.5_437,
  title={総合診療と心療内科の協働},
  author={森屋, 淳子},
  journal={心身医学},
  volume={59},
  number={5},
  pages={437-442},
  year={2019},
  doi={10.15064/jjpm.59.5_437},
}



@book{ISBN9784621062456,
  title={家族志向のプライマリ・ケア},
  author={S. H. McDaniel},
  year={Mon May 01 2006 00:00:00 GMT+0900 (Japan Standard Time)},
}



@article{doi10.108013561820500067132.,
  title={Interprofessional learning and higher education structural barriers},
  author={John HV Gilbert},
  journal={Journal of Interprofessional Care},
  volume={19},
  number={sup1},
  pages={87--106},
  year={2005},
  doi={10.1080/13561820500067132},
  url={https://doi.org/10.1080%2F13561820500067132},
  month={may},
  publisher={Informa {UK} Limited},
}



@article{doi.org10.11307mededjapan.51.4_401,
  title={モラルハザード事例調査に基づく医療系学生と医療人のためのソーシャルメディア利用チェックリストの開発},
  author={諸井, 陽子 and 小林, 元 and 菅原, 亜紀子 and 石川, 和信},
  journal={医学教育},
  volume={51},
  number={4},
  pages={401-404},
  year={2020},
  doi={10.11307/mededjapan.51.4_401},
}



@article{doi.org10.219619827,
  title={Perceptions of Digital Health Education Among European Medical Students: Mixed Methods Survey},
  author={Felix Machleid and Robert Kaczmarczyk and Doreen Johann and Justinas Bal{\v{c}}i{\={u}}nas and Beatriz Atienza-Carbonell and Finn von Maltzahn and Lina Mosch},
  journal={Journal of Medical Internet Research},
  volume={22},
  number={8},
  pages={e19827},
  year={2020},
  doi={10.2196/19827},
  url={https://doi.org/10.2196%2F19827},
  month={aug},
  publisher={{JMIR} Publications Inc.},
}



@article{DOI10.2147AMEP.S14383,
  title={Medical students-as-teachers: a systematic review of peer-assisted teaching during medical school},
  author={ and rew Hill and Yu and Wilson and Hawken and Singh and Lemanu},
  journal={Advances in Medical Education and Practice},
  pages={157},
  year={2011},
  doi={10.2147/amep.s14383},
  url={https://doi.org/10.2147%2Famep.s14383},
  month={jun},
  publisher={Informa {UK} Limited},
}



@article{DOI10.1007BF00138870,
  title={The effectiveness of peer tutoring in further and higher education: A typology and review of the literature},
  author={K. J. Topping},
  journal={Higher Education},
  volume={32},
  number={3},
  pages={321--345},
  year={1996},
  doi={10.1007/bf00138870},
  url={https://doi.org/10.1007%2Fbf00138870},
  month={oct},
  publisher={Springer Science and Business Media {LLC}},
}



@incollection{DOI10.10029781119373780.ch6,
  title={Instructional Design},
  author={Linda Snell and Daisuke Son and Hirotaka Onishi},
  pages={89--100},
  year={2018},
  doi={10.1002/9781119373780.ch6},
  url={https://doi.org/10.1002%2F9781119373780.ch6},
  month={oct},
  publisher={John Wiley {\&} Sons, Ltd},
  booktitle={Understanding Medical Education},
}



@article{DOI10.1097ACM.0b013e318250e01d,
  title={{AM} Last Page},
  author={Mohamed M. Al-Eraky},
  journal={Academic Medicine},
  volume={87},
  number={5},
  pages={677},
  year={2012},
  doi={10.1097/acm.0b013e318250e01d},
  url={https://doi.org/10.1097%2Facm.0b013e318250e01d},
  month={may},
  publisher={Ovid Technologies (Wolters Kluwer Health)},
}



@booksection{ISBN9784535983496p52,
  title={医療プロフェッショナリズム教育},
  author={シルヴィアクルーズ},
  pages={p52},
  year={Sat Sep 01 2012 00:00:00 GMT+0900 (Japan Standard Time)},
}





@article{doi.org10.11307mededjapan.51.5_596,
  title={9. 有意事象分析Significant Event Analysis　9.1　非行misconductが認められた学習者の再教育remediationツールとしてのSEA},
  author={野村, 英樹},
  journal={医学教育},
  volume={51},
  number={5},
  pages={596-599},
  year={2020},
  doi={10.11307/mededjapan.51.5_596},
}



@article{doi.org10.11307mededjapan.51.5_600,
  title={9.2　勤医協中央病院初期研修プログラムにおけるSEA (Significant Event Analysis) の実践},
  author={臺野, 巧},
  journal={医学教育},
  volume={51},
  number={5},
  pages={600-602},
  year={2020},
  doi={10.11307/mededjapan.51.5_600},
}



@article{doi.org10.11307mededjapan1970.39.153,
  title={地域医療必修実習における“Significant Event Analysis (SEA) を用いた振り返り”の検討},
  author={宮田, 靖志 and 八木田, 一雄 and 森崎, 龍郎 and 山本, 和利},
  journal={医学教育},
  volume={39},
  number={3},
  pages={153-159},
  year={2008},
  doi={10.11307/mededjapan1970.39.153},
}



@article{doi10.1002ca.20331.,
  title={Using gross anatomy to teach and assess professionalism in the first year of medical school},
  author={William J. Swartz},
  journal={Clinical Anatomy},
  volume={19},
  number={5},
  pages={437--441},
  year={2006},
  doi={10.1002/ca.20331},
  url={https://doi.org/10.1002%2Fca.20331},
  publisher={Wiley},
}



@article{doi.org10.11236jph.67.7_461,
  title={医療機関で用いる患者の生活困窮評価尺度の開発},
  author={西岡, 大輔 and 上野, 恵子 and 舟越, 光彦 and 斉藤, 雅茂 and 近藤, 尚己},
  journal={日本公衆衛生雑誌},
  volume={67},
  number={7},
  pages={461-470},
  year={2020},
  doi={10.11236/jph.67.7_461},
}



@article{doi.org10.11307mededjapan.50.5_421,
  title={2. 筑波大学附属病院総合診療科・地域医療実習への「健康の社会的決定要因 (SDH) 」教育プログラム導入の取り組み},
  author={小曽根, 早知子 and 高屋敷, 明由美},
  journal={医学教育},
  volume={50},
  number={5},
  pages={421-428},
  year={2019},
  doi={10.11307/mededjapan.50.5_421},
}



@article{DOI10.10970000251719921200000001,
  title={The Stabilizing System of the Spine. Part I. Function, Dysfunction, Adaptation, and Enhancement},
  author={Manohar M. Panjabi},
  journal={Journal of Spinal Disorders},
  volume={5},
  number={4},
  pages={383--389},
  year={1992},
  doi={10.1097/00002517-199212000-00001},
  url={https://doi.org/10.1097%2F00002517-199212000-00001},
  month={dec},
  publisher={Ovid Technologies (Wolters Kluwer Health)},
}









@article{PMID29098049,
  title={The development of national entrustable professional activities to inform the training and assessment of public health and preventative medicine residents.},
  author={Moloughney, Brent and Moore, Kieran and Dagnone, Damon and Strong, David},
  journal={Canadian medical education journal},
  volume={8},
  number={3},
  pages={e71-e80},
  year={2017},
  month={Jun},
  pmid={29098049},
  issn={1923-1202},
}



@article{PMID28549405,
  title={Twelve tips for the implementation of EPAs for assessment and entrustment decisions.},
  author={Peters, Harm and Holzhausen, Ylva and Boscardin, Christy and Ten Cate, Olle and Chen, H Carrie},
  journal={Medical teacher},
  volume={39},
  number={8},
  pages={802-807},
  year={2017},
  doi={10.1080/0142159X.2017.1331031},
  month={Aug},
  pmid={28549405},
  issn={1466-187X},
}



@article{PMID24667478,
  title={AM last page: what entrustable professional activities add to a competency-based curriculum.},
  author={Ten Cate, Olle},
  journal={Academic medicine : journal of the Association of American Medical Colleges},
  volume={89},
  number={4},
  pages={691},
  year={2014},
  doi={10.1097/ACM.0000000000000161},
  month={Apr},
  pmid={24667478},
  issn={1938-808X},
}



@article{PMID34348951,
  title={Development of entrustable professional activities for residents rotating nephrology department in a Japanese university hospital: a Delphi study.},
  author={Tanaka, Akihito and Kondo, Takeshi and Urushibara-Miyachi, Yuka and Maruyama, Shoichi and Nishigori, Hiroshi},
  journal={BMJ open},
  volume={11},
  number={8},
  pages={e047923},
  year={2021},
  doi={10.1136/bmjopen-2020-047923},
  month={8},
  day={4},
  pmid={34348951},
  issn={2044-6055},
}

