@article{doi:1010970000188819900900000045,
        doi = {10.1097/00001888-199009000-00045},
        url = {https://doi.org/10.1097%2F00001888-199009000-00045},
        year = 1990,
        month = {sep},
        publisher = {Ovid Technologies (Wolters Kluwer Health)},
        volume = {65},
        number = {9},
        pages = {S63--7},
        author = {G E Miller},
        title = {The assessment of clinical skills/competence/performance},
        journal = {Academic Medicine}
}